<record><leader>00000cas a2200000 a 4500</leader><controlfield tag="001">8630333</controlfield><controlfield tag="008">820724c198u9999mnumr n       0   a0eng d</controlfield><datafield ind1=" " ind2=" " tag="010"><subfield code="a">sn 90060113 </subfield></datafield><datafield ind1=" " ind2=" " tag="040"><subfield code="a">MUL</subfield><subfield code="b">eng</subfield><subfield code="c">MUL</subfield><subfield code="d">MN#</subfield><subfield code="d">OCL</subfield><subfield code="d">OCLCQ</subfield></datafield><datafield ind1=" " ind2=" " tag="037"><subfield code="b">529 S. 7th St., Minneapolis MN 55415</subfield></datafield><datafield ind1=" " ind2=" " tag="042"><subfield code="a">msc</subfield></datafield><datafield ind1=" " ind2=" " tag="043"><subfield code="a">n-us-mn</subfield></datafield><datafield ind1=" " ind2=" " tag="052"><subfield code="a">4144</subfield><subfield code="b">T89</subfield></datafield><datafield ind1="0" ind2="0" tag="245"><subfield code="a">Metro sports.</subfield></datafield><datafield ind1="1" ind2="4" tag="246"><subfield code="a">MetroSports</subfield></datafield><datafield ind1=" " ind2=" " tag="260"><subfield code="a">Minneapolis, MN :</subfield><subfield code="b">MetroSports, Inc.</subfield></datafield><datafield ind1=" " ind2=" " tag="300"><subfield code="a">v.</subfield></datafield><datafield ind1=" " ind2=" " tag="310"><subfield code="a">Monthly,</subfield><subfield code="b">&lt;Dec. 1980&gt;-</subfield></datafield><datafield ind1=" " ind2=" " tag="321"><subfield code="a">Weekly from mid-Aug. through mid-June and biweekly during summer months,</subfield><subfield code="b">&lt;Oct. 9, 1980&gt;</subfield></datafield><datafield ind1="1" ind2=" " tag="362"><subfield code="a">Began in 1980.</subfield></datafield><datafield ind1=" " ind2=" " tag="500"><subfield code="a">"The Twin Cities amateur sports newspaper."</subfield></datafield><datafield ind1=" " ind2=" " tag="588"><subfield code="a">Description based on: Vol. 1, no. 8 (Oct. 9, 1980).</subfield></datafield><datafield ind1=" " ind2=" " tag="752"><subfield code="a">United States</subfield><subfield code="b">Minnesota</subfield><subfield code="c">Hennepin</subfield><subfield code="d">Minneapolis.</subfield></datafield><datafield ind1=" " ind2=" " tag="752"><subfield code="a">United States</subfield><subfield code="b">Minnesota</subfield><subfield code="c">Ramsey</subfield><subfield code="d">Saint Paul.</subfield></datafield><datafield ind1=" " ind2=" " tag="936"><subfield code="a">Mar. 1981 (surrogate)</subfield></datafield></record>